@book{bornPrinciplesOpticsElectromagnetic1999,
  title = {Principles of Optics: Electromagnetic Theory of Propagation, Interference and Diffraction of Light},
  shorttitle = {Principles of Optics},
  author = {Born, Max and Wolf, Emil},
  date = {1999},
  edition = {7th expanded ed},
  publisher = {{Cambridge University Press}},
  location = {{Cambridge ; New York}},
  isbn = {978-0-521-64222-4 978-0-521-63921-7},
  pagetotal = {952},
  keywords = {Optics},
  file = {/Users/maxikoehler/Zotero/storage/56PY2HRG/Born und Wolf - 1999 - Principles of optics electromagnetic theory of pr.pdf}
}

@misc{brauerApplicationRamanSpectroscopy2022,
  title = {Application of Raman spectroscopy},
  author = {Bräuer, Philipp},
  year = {Winter term 2022/2023},
  langid = {Englisch}
}

@book{hechtOptik2005,
  title = {Optik},
  author = {Hecht, Eugene and Hecht, Eugene},
  date = {2005},
  edition = {4., überarb. Aufl},
  publisher = {{Oldenbourg}},
  location = {{München Wien}},
  isbn = {978-3-486-27359-5},
  langid = {german},
  pagetotal = {1116},
  file = {/Users/maxikoehler/Zotero/storage/SHE6LAB4/Hecht und Hecht - 2005 - Optik.pdf}
}

@book{herzbergMolecularSpectraMolecular2013,
  title = {Molecular Spectra and Molecular Structure. 4, {{Constants}} of Diatomic Molecules},
  author = {Herzberg and {Huber}},
  date = {2013},
  edition = {Ristampa anastatica},
  publisher = {{Springer}},
  location = {{Berlin}},
  isbn = {978-1-4757-0963-6},
  langid = {english},
  annotation = {OCLC: 1348145007}
}

@misc{klevanskyTDLASTunableLaser2021,
  title = {TDLAS – Tunable laser diode absorption spectroscopy},
  author = {Klevansky, Benjamin},
  date = {2021-10},
  langid = {Englisch}
}

@book{lipsonOptik1997,
  title = {Optik},
  author = {Lipson, Stephen G. and Lipson, Henry S. and Tannhauser, David S.},
  date = {1997},
  publisher = {{Springer Berlin Heidelberg : Imprint : Springer}},
  location = {{Berlin, Heidelberg}},
  abstract = {Dieses in drei englischen Auflagen erfolgreiche und bestens eingeführte Lehrbuch erscheint hier erstmals in deutscher Übersetzung, die um die Lösungen der Aufgaben erweitert ist. Studierende der Physik und Ingenieurwissenschaften finden alles, was sie zur Prüfung in diesem Fach brauchen. Der Text ist klar formuliert, der Inhalt ist didaktisch übersichtlich gegliedert und ansprechend gestaltet. 332 zweifarbige Abbildungen, Vertiefungsthemen zu jedem Kapitel, zahlreiche Experimente und Beispiele sowie 125 Übungsaufgaben mit vollständigen Lösungswegen tragen zum gründlichen Verständnis des Stoffs bei. Zur dritten englischen Ausgabe hieß es:"Das Buch gibt eine gute Einführung in die klassische und moderne Optik." Physikalische Blätter 52, 1256 (1996)},
  isbn = {978-3-642-59053-5},
  langid = {german},
  annotation = {OCLC: 913708795}
}

@book{madeyVibrationalSpectroscopyMolecules2013,
  title = {Vibrational {{Spectroscopy}} of {{Molecules}} on {{Surfaces}}},
  author = {Madey, Theodore E. and Yates Jr, John T.},
  date = {2013},
  publisher = {{Springer}},
  location = {{New York, NY}},
  isbn = {978-1-4684-8759-6},
  langid = {english},
  annotation = {OCLC: 1066190265}
}

@book{niedrigOptikWellenUnd2004,
  title = {Optik: Wellen- und Teilchenoptik: Part 1},
  shorttitle = {Optik},
  editor = {Niedrig, Heinz},
  date = {2004},
  series = {Lehrbuch der Experimentalphysik / Bergmann; Schaefer},
  edition = {10. Auflage[Ausg. in 8 Bänden]},
  number = {3, Part 1},
  publisher = {{de Gruyter}},
  location = {{Berlin}},
  isbn = {978-3-11-017081-8},
  langid = {german},
  pagetotal = {668}
}

@book{schraderInfraredRamanSpectroscopy1995,
  title = {Infrared and {{Raman}} Spectroscopy: Methods and Applications},
  shorttitle = {Infrared and {{Raman}} Spectroscopy},
  author = {Schrader, Bernhard and Bougeard, D.},
  date = {1995},
  publisher = {{VCH}},
  location = {{Weinheim}},
  abstract = {This book is an excellent introduction to vibrational spectroscopy for scientists in academia and industry. Both infrared and Raman spectroscopy are covered comprehensively and up-to-date. Therefore the book may also be used as a handbook for easy reference. Written in the language of chemists, it explains the basic theory and instrumentation, the interpretation and evaluation of spectra. Furthermore numerous, worked-out examples of practical applications are presented. Therefore the reader is enabled to apply infrared and Raman spectroscopy for solving his own problem and to design suitable e},
  isbn = {978-3-527-61543-8},
  langid = {english},
  annotation = {OCLC: 184983904},
  file = {/Users/maxikoehler/Zotero/storage/B9IV5JCA/Schrader und Bougeard - 1995 - Infrared and Raman spectroscopy methods and appli.pdf}
}
